@inproceedings{pyserini,
   title={Pyserini: A Python Toolkit for Reproducible Information Retrieval Research with Sparse and Dense Representations},
   author={Lin, Jimmy and Ma, Xueguang and Lin, Sheng-Chieh and Yang, Jheng-Hong and Pradeep, Ronak and Nogueira, Rodrigo},
   booktitle={Proceedings of the 44th Annual International ACM SIGIR Conference on Research and Development in Information Retrieval (SIGIR 2021)},
   pages={2356--2362},
   year={2021},
}

@article{devlin2018bert,
  title={BERT: Pre-training of Deep Bidirectional Transformers for Language Understanding},
  author={Devlin, Jacob and Chang, Ming-Wei and Lee, Kenton and Toutanova, Kristina},
  journal={arXiv preprint arXiv:1810.04805},
  year={2018}
}

@inproceedings{toutanova2003feature,
  title={Feature-rich Part-of-Speech Tagging with a Cyclic Dependency Network},
  author={Toutanova, Kristina and Klein, Dan and Manning, Christopher D and Singer, Yoram},
  booktitle={Proceedings of the 2003 Human Language Technology Conference of the North American Chapter of the Association for Computational Linguistics (HLT-NAACL 2003)},
  pages={173--180},
  year={2003}
}

@misc{honnibal2017spacy,
  title={spaCy: Industrial-strength Natural Language Processing in Python},
  author={Honnibal, Matthew and Montani, Ines},
  year={2017},
  note={Available at \url{https://spacy.io}}
}


